
@article{jacobson_decline_2018,
	title = {Decline of bumble bees in northeastern {North} {America}, with special focus on {Bombus} terricola},
	volume = {217},
	issn = {00063207},
	url = {https://linkinghub.elsevier.com/retrieve/pii/S0006320717313976},
	doi = {10.1016/j.biocon.2017.11.026},
	language = {en},
	urldate = {2020-02-22},
	journal = {Biological Conservation},
	author = {Jacobson, Molly M. and Tucker, Erika M. and Mathiasson, Minna E. and Rehan, Sandra M.},
	month = jan,
	year = {2018},
	pages = {437--445}
}

@article{chevrinais_early_2017,
	title = {Early establishment of vertebrate trophic interactions: {Food} web structure in {Middle} to {Late} {Devonian} fish assemblages with exceptional fossilization},
	issn = {1802-8225, 1214-1119},
	shorttitle = {Early establishment of vertebrate trophic interactions},
	url = {http://www.geology.cz/bulletin/contents/art1651},
	doi = {10.3140/bull.geosci.1651},
	language = {en},
	urldate = {2020-04-24},
	journal = {Bulletin of Geosciences},
	author = {Chevrinais, M. and Jacquet, C. and Cloutier, R.},
	month = dec,
	year = {2017},
	pages = {491--510},
	file = {Chevrinais et al. - 2017 - Early establishment of vertebrate trophic interact.pdf:C\:\\Users\\Louis Plante\\Zotero\\storage\\AF3REEY8\\Chevrinais et al. - 2017 - Early establishment of vertebrate trophic interact.pdf:application/pdf}
}